<?xml version="1.0" encoding="UTF-8"?><collection xmlns="http://www.loc.gov/MARC21/slim"><record><leader>00411nam--2200121-i-4500</leader><controlfield tag="001">000046551</controlfield><controlfield tag="002">20161230</controlfield><controlfield tag="005">20161230201046</controlfield><controlfield tag="008">060222s1000------------r-----000-0-eng-d</controlfield><datafield ind1=" " ind2=" " tag="245"><subfield code="a">Verformung und fliessen des festkorpers. kolloquium madrid 26.bis 30 sept.1955</subfield></datafield><datafield ind1=" " ind2=" " tag="260"><subfield code="a">Berlin, Springer-verlag, 1956, Xii+323p.Cu 188 Fig</subfield></datafield><datafield ind1=" " ind2=" " tag="490"><subfield code="a">Internationale Union Fur Theoretische Und Angewandte Mechanik</subfield></datafield><datafield ind1=" " ind2=" " tag="852"><subfield code="a">12687</subfield></datafield></record></collection>